<record xmlns='http://www.loc.gov/MARC21/slim'><leader>02337cas a2200589 i 4500</leader><controlfield tag='001'>4806783</controlfield><controlfield tag='005'>20220620093114.0</controlfield><controlfield tag='006'>m     o  d        </controlfield><controlfield tag='007'>cr mn nnn|ncap</controlfield><controlfield tag='008'>100407c19779999acaar pss     0   a0eng d</controlfield><datafield ind1='1' ind2=' ' tag='019'><subfield code='a'>45466135</subfield></datafield><datafield ind1='1' ind2=' ' tag='022'><subfield code='a'>1837-9389</subfield></datafield><datafield ind1='8' ind2=' ' tag='024'><subfield code='a'>ISSN/SEP2016</subfield></datafield><datafield ind1=' ' ind2=' ' tag='035'><subfield code='a'>(AU-CaNED)NED37452S11109</subfield></datafield><datafield ind1=' ' ind2=' ' tag='037'><subfield code='b'>WK Hancock Library ANU ACT 0200; ph (02) 61251016; email anuepress@anu.edu.au</subfield></datafield><datafield ind1=' ' ind2=' ' tag='040'><subfield code='a'>ANL</subfield><subfield code='b'>eng</subfield><subfield code='e'>rda</subfield><subfield code='d'>ANL</subfield><subfield code='d'>TSL</subfield></datafield><datafield ind1=' ' ind2=' ' tag='042'><subfield code='a'>anuc</subfield></datafield><datafield ind1='0' ind2=' ' tag='130'><subfield code='a'>Aboriginal history (Online)</subfield></datafield><datafield ind1=' ' ind2='0' tag='222'><subfield code='a'>Aboriginal history</subfield><subfield code='b'>(Online)</subfield></datafield><datafield ind1='1' ind2='0' tag='245'><subfield code='a'>Aboriginal history.</subfield></datafield><datafield ind1=' ' ind2=' ' tag='260'><subfield code='a'>Canberra :</subfield><subfield code='b'>Aboriginal History.</subfield></datafield><datafield ind1=' ' ind2='1' tag='264'><subfield code='a'>Canberra :</subfield><subfield code='b'>ANU E-press.</subfield></datafield><datafield ind1=' ' ind2=' ' tag='300'><subfield code='a'>online resource :</subfield><subfield code='b'>illustrations (some colour)</subfield></datafield><datafield ind1=' ' ind2=' ' tag='310'><subfield code='a'>Annual</subfield></datafield><datafield ind1=' ' ind2=' ' tag='336'><subfield code='a'>still image</subfield><subfield code='b'>sti</subfield><subfield code='2'>rdacontent</subfield></datafield><datafield ind1=' ' ind2=' ' tag='336'><subfield code='a'>text</subfield><subfield code='b'>txt</subfield><subfield code='2'>rdacontent</subfield></datafield><datafield ind1=' ' ind2=' ' tag='337'><subfield code='a'>computer</subfield><subfield code='b'>c</subfield><subfield code='2'>rdamedia</subfield></datafield><datafield ind1=' ' ind2=' ' tag='338'><subfield code='a'>online resource</subfield><subfield code='b'>cr</subfield><subfield code='2'>rdacarrier</subfield></datafield><datafield ind1=' ' ind2=' ' tag='347'><subfield code='a'>text file</subfield><subfield code='b'>PDF</subfield></datafield><datafield ind1='0' ind2=' ' tag='362'><subfield code='a'>Vol. 1, pt. 1-2 (1977)-</subfield></datafield><datafield ind1='0' ind2=' ' tag='506'><subfield code='a'>National edeposit: Available online</subfield><subfield code='f'>Unrestricted online access</subfield><subfield code='2'>star</subfield><subfield code='5'>AU-CaNED</subfield></datafield><datafield ind1=' ' ind2=' ' tag='516'><subfield code='a'>Text and graphics.</subfield></datafield><datafield ind1=' ' ind2=' ' tag='530'><subfield code='a'>Also available in print.</subfield></datafield><datafield ind1=' ' ind2=' ' tag='583'><subfield code='a'>Digital file collected and preserved (2016-)</subfield><subfield code='5'>ANL</subfield></datafield><datafield ind1=' ' ind2=' ' tag='583'><subfield code='a'>Selected for archiving (2012-2016)</subfield><subfield code='5'>ANL</subfield></datafield><datafield ind1=' ' ind2='0' tag='650'><subfield code='a'>Aboriginal Australians</subfield><subfield code='v'>Periodicals.</subfield></datafield><datafield ind1=' ' ind2='0' tag='650'><subfield code='a'>Ethnology</subfield><subfield code='z'>Australia</subfield><subfield code='v'>Periodicals.</subfield></datafield><datafield ind1=' ' ind2='7' tag='650'><subfield code='a'>Culture - Theory and criticism - Postcolonial.</subfield><subfield code='2'>aiatsiss</subfield></datafield><datafield ind1=' ' ind2='7' tag='650'><subfield code='a'>Government policy.</subfield><subfield code='2'>aiatsiss</subfield></datafield><datafield ind1=' ' ind2='7' tag='650'><subfield code='a'>History - Biographies - Indigenous.</subfield><subfield code='2'>aiatsiss</subfield></datafield><datafield ind1=' ' ind2='7' tag='650'><subfield code='a'>History - Cultural.</subfield><subfield code='2'>aiatsiss</subfield></datafield><datafield ind1=' ' ind2='7' tag='650'><subfield code='a'>Settlement and contacts.</subfield><subfield code='2'>aiatsiss</subfield></datafield><datafield ind1=' ' ind2=' ' tag='653'><subfield code='a'>Australian</subfield></datafield><datafield ind1='2' ind2=' ' tag='710'><subfield code='a'>Australian National University.</subfield><subfield code='b'>Department of Pacific and Southeast Asian History,</subfield><subfield code='e'>issuing body.</subfield></datafield><datafield ind1='1' ind2=' ' tag='776'><subfield code='t'>Aboriginal history</subfield><subfield code='x'>0314-8769</subfield></datafield><datafield ind1=' ' ind2='0' tag='830'><subfield code='a'>PANDORA electronic collection</subfield></datafield><datafield ind1='4' ind2='0' tag='856'><subfield code='z'>National edeposit</subfield><subfield code='u'>https://nla.gov.au/nla.obj-600301366</subfield><subfield code='x'>fulltext</subfield></datafield><datafield ind1='4' ind2='0' tag='856'><subfield code='u'>http://epress.anu.edu.au/AH33_citation.html</subfield></datafield><datafield ind1='4' ind2='0' tag='856'><subfield code='z'>Publisher site</subfield><subfield code='u'>http://epress.anu.edu.au/titles/aboriginal-history-journal</subfield><subfield code='x'>OA-J</subfield></datafield><datafield ind1='4' ind2='1' tag='856'><subfield code='z'>Archived at ANL (2012-2016)</subfield><subfield code='u'>http://nla.gov.au/nla.arc-139469</subfield></datafield><datafield ind1='4' ind2='2' tag='856'><subfield code='3'>Thumbnail</subfield><subfield code='u'>https://nla.gov.au/nla.obj-600301366-t</subfield></datafield><datafield ind1=' ' ind2=' ' tag='984'><subfield code='a'>ANL:NED</subfield><subfield code='c'>National edeposit</subfield></datafield></record>